@inproceedings{wakefield2015,
  author    = {Wakefield, J. and Dewey, C.},
  title     = {An investigation into the efficacy of methods commonly employed by mix engineers to reduce frequency masking in the mixing of multitrack musical recordings},
  booktitle = {Audio Engineering Society Convention 138},
  year      = {2015}
}

@book{izhaki2013,
  author    = {Izhaki, R.},
  title     = {Mixing audio: Concepts, practices and tools},
  publisher = {Taylor and Francis},
  year      = {2013}
}

@inproceedings{jillings2017,
  author    = {Jillings, N. and Stables, R.},
  title     = {Investigating music production using a semantically powered digital audio workstation in the browser},
  booktitle = {Audio Engineering Society Conference: 2017 AES International Conference on Semantic Audio},
  year      = {2017}
}

@phdthesis{ma2016,
  author = {Ma, Z.},
  title  = {Intelligent Tools for Multitrack Frequency and Dynamics Processing},
  school = {Queen Mary University of London},
  year   = {2016}
}

@inproceedings{vandenOord2016,
  author    = {van den Oord, A. and Dieleman, S. and Zen, H. and Simonyan, K. and Vinyals, O. and Graves, A. and Kavukcuoglu, K.},
  title     = {Wavenet: A generative model for raw audio},
  booktitle = {9th ISCA Speech Synthesis Workshop},
  pages     = {125--125},
  year      = {2016}
}

@article{wang2017,
  author  = {Wang, Y. and Skerry-Ryan, R. J. and Stanton, D. and Wu, Y. and Weiss, R. J. and Jaitly, N. and Bengio, S.},
  title   = {Tacotron: Towards end-to-end speech synthesis},
  journal = {arXiv preprint arXiv:1703.10135},
  year    = {2017}
}

@article{engel2019,
  author  = {Engel, J. and Agrawal, K. K. and Chen, S. and Gulrajani, I. and Donahue, C. and Roberts, A.},
  title   = {Gansynth: Adversarial neural audio synthesis},
  journal = {arXiv preprint arXiv:1902.08710},
  year    = {2019}
}

@inproceedings{engel2017,
  author    = {Engel, J. and Resnick, C. and Roberts, A. and Dieleman, S. and Norouzi, M. and Eck, D. and Simonyan, K.},
  title     = {Neural audio synthesis of musical notes with wavenet autoencoders},
  booktitle = {Proceedings of the 34th International Conference on Machine Learning-Volume 70},
  pages     = {1068--1077},
  year      = {2017}
}

@incollection{defossez2018,
  author    = {Défossez, A. and Zeghidour, N. and Usunier, N. and Bottou, L. and Bach, F.},
  title     = {Sing: Symbol-to-instrument neural generator},
  booktitle = {Advances in Neural Information Processing Systems 31},
  pages     = {9041--9051},
  year      = {2018}
}

@inproceedings{hershey2016,
  author    = {Hershey, J. R. and Chen, Z. and Le Roux, J. and Watanabe, S.},
  title     = {Deep clustering: Discriminative embeddings for segmentation and separation},
  booktitle = {2016 IEEE International Conference on Acoustics, Speech and Signal Processing (ICASSP)},
  pages     = {31--35},
  year      = {2016}
}

@inproceedings{stoller2018waveunet,
  title     = {Wave-u-net: A multi-scale neural network for end-to-end audio source separation},
  author    = {Stoller, Daniel and Ewert, Sebastian and Dixon, Simon},
  booktitle = {International Society of Music Information Retrieval},
  year      = {2018}
}

@article{stoter2019openunmix,
  title   = {OpenUnmix - A Reference Implementation for Music Source Separation},
  author  = {St{\"o}ter, Fabian-Robert and Uhlich, Stefan and Liutkus, Antoine and Mitsufuji, Yuki},
  journal = {Journal of Open Source Software},
  volume  = {4},
  number  = {41},
  pages   = {1667},
  year    = {2019}
}

@inproceedings{pascual2017segan,
  title     = {SEGAN: Speech enhancement generative adversarial network},
  author    = {Pascual, Santiago and Bonafonte, Antonio and Serr{\`a}, Joan},
  booktitle = {Proc. Interspeech},
  pages     = {3642--3646},
  year      = {2017}
}

@inproceedings{rethage2018wavenet,
  title     = {A wavenet for speech denoising},
  author    = {Rethage, David and Pons, Jordi and Serra, Xavier},
  booktitle = {IEEE International Conference on Acoustics, Speech and Signal Processing (ICASSP)},
  pages     = {5069--5073},
  year      = {2018}
}

@inproceedings{bittner2016medleydb,
  title     = {MedleyDB 2.0: New Data and a System for Sustainable Data Collection},
  author    = {Bittner, Rachel and Wilkins, Jordan and Yip, Henry and Bello, Juan},
  booktitle = {International Conference on Music Information Retrieval (ISMIR)},
  year      = {2016}
}

@inproceedings{deman2016openmultitrack,
  title     = {The open multitrack testbed: Features, content and use cases},
  author    = {De Man, Brecht and Reiss, Joshua D},
  booktitle = {Proceedings of the 2nd AES Workshop on Intelligent Music Production},
  year      = {2016}
}

@inproceedings{panayotov2015librispeech,
  title     = {Librispeech: An ASR corpus based on public domain audio books},
  author    = {Panayotov, Vassil and Chen, Guoguo and Povey, Daniel and Khudanpur, Sanjeev},
  booktitle = {IEEE International Conference on Acoustics, Speech and Signal Processing (ICASSP)},
  pages     = {5206--5210},
  year      = {2015}
}

@inproceedings{nagrani2017voxceleb,
  title     = {VoxCeleb: A large-scale speaker identification dataset},
  author    = {Nagrani, Arsha and Chung, Joon Son and Zisserman, Andrew},
  booktitle = {INTERSPEECH},
  year      = {2017}
}

@book{owsinski2006mixing,
  title     = {The Mixing Engineer’s Handbook 2nd Edition},
  author    = {Owsinski, Bobby},
  year      = {2006},
  publisher = {Bobby Owsinski Media Group}
}

@article{engel2020ddsp,
  title   = {DDSP: Differentiable digital signal processing},
  author  = {Engel, Jesse and Hantrakul, Lamtharn and Gu, Chenjie and Roberts, Adam},
  journal = {arXiv preprint arXiv:2001.04643},
  year    = {2020}
}

@article{moffat2019approaches,
  title   = {Approaches in intelligent music production},
  author  = {Moffat, David and Sandler, Mark B},
  journal = {Arts},
  volume  = {8},
  number  = {4},
  year    = {2019}
}

@article{dugan1975automatic,
  title   = {Automatic microphone mixing},
  author  = {Dugan, Dan},
  journal = {Journal of the Audio Engineering Society},
  volume  = {23},
  number  = {6},
  pages   = {442--449},
  year    = {1975}
}

@inproceedings{pachet2000fly,
  title     = {On-the-fly multitrack mixing},
  author    = {Pachet, Francois and Delerue, Olivier},
  booktitle = {Audio Engineering Society Convention 109},
  address   = {Los Angeles, California, USA},
  year      = {2000}
}

@inproceedings{perez2007automatic,
  title     = {Automatic mixing: Live downmixing stereo panner},
  author    = {Perez Gonzalez, Esteban and Reiss, Joshua D},
  booktitle = {Proc. of the 10th Int. Conference on Digital Audio Effects},
  year      = {2007}
}

@inproceedings{bocko2010automatic,
  title     = {Automatic music production system employing probabilistic expert systems},
  author    = {Bocko, Gary and Bocko, Mark F and Headlam, David and Lundberg, John and Ren, Guang},
  booktitle = {129th Convention of the Audio Engineering Society (Paper 8255)},
  year      = {2010}
}

@article{de2013a,
  title   = {A semantic approach to autonomous mixing},
  author  = {De Man, Brecht and Reiss, Joshua D},
  journal = {Journal on the Art of Record Production},
  year    = {2013}
}

@inproceedings{perez2009automatic,
  title     = {Automatic equalization of multichannel audio using cross-adaptive methods},
  author    = {Perez Gonzalez, Esteban and Reiss, Joshua D},
  booktitle = {Audio Engineering Society Convention 127},
  year      = {2009}
}

@inproceedings{everardo2017automated,
  title     = {Towards an automated multitrack mixing tool using answer set programming},
  author    = {Everardo, Francisco},
  booktitle = {Proceedings of the 14th Sound and Music Computing Conference},
  year      = {2017}
}

@inproceedings{moffat2018towards,
  title     = {Towards a Semantic Web representation and application of audio mixing rules},
  author    = {Moffat, David and Thalmann, Florian and Sandler, Mark B},
  booktitle = {Proceedings of the 4th Workshop on Intelligent Music Production (WIMP)},
  year      = {2018}
}

@inproceedings{de2013knowledge,
  title     = {A knowledge-engineered autonomous mixing system},
  author    = {De Man, Brecht and Reiss, Joshua D},
  booktitle = {Audio Engineering Society Convention 135},
  year      = {2013}
}

@inproceedings{kolasinski2008framework,
  title     = {A framework for automatic mixing using timbral similarity measures and genetic optimization},
  author    = {Kolasinski, Bartlomiej},
  booktitle = {Audio Engineering Society Convention 124},
  year      = {2008}
}

@inproceedings{scott2011automatic,
  title     = {Automatic multi-track mixing using linear dynamical systems},
  author    = {Scott, James and Prockup, Matthew and Schmidt, Edward M and Kim, Youngmoo E},
  booktitle = {Proceedings of the 8th Sound and Music Computing Conference},
  year      = {2011}
}

@inproceedings{mimilakis2016deep,
  title     = {Deep neural networks for dynamic range compression in mastering applications},
  author    = {Mimilakis, Stylianos Ioannis and Drossos, Konstantinos and Virtanen, Tuomas and Schuller, Gerald},
  booktitle = {Audio Engineering Society Convention 140},
  year      = {2016}
}

@inproceedings{chourdakis2016automatic,
  title     = {Automatic control of a digital reverberation effect using hybrid models},
  author    = {Chourdakis, Eleftherios T and Reiss, Joshua D},
  booktitle = {Audio Engineering Society Conference: 60th International Conference: DREAMS (Dereverberation and Reverberation of Audio, Music, and Speech)},
  year      = {2016}
}

@article{chourdakis2017machine,
  title   = {A machine-learning approach to application of intelligent artificial reverberation},
  author  = {Chourdakis, Eleftherios T and Reiss, Joshua D},
  journal = {J. Audio Eng. Soc},
  volume  = {65},
  number  = {1/2},
  pages   = {56--65},
  year    = {2017}
}

@article{park2019specaugment,
  title   = {Specaugment: A simple data augmentation method for automatic speech recognition},
  author  = {Park, Daniel S and Chan, William and Zhang, Yu and Chiu, Chung-Cheng and Zoph, Barret and Cubuk, Ekin D and Le, Quoc V},
  journal = {arXiv preprint arXiv:1904.08779},
  year    = {2019}
}

@article{griffin1984signal,
  title   = {Signal estimation from modified short-time Fourier transform},
  author  = {Griffin, Daniel and Lim, Jae},
  journal = {IEEE Transactions on Acoustics, Speech, and Signal Processing},
  volume  = {32},
  number  = {2},
  pages   = {236--243},
  year    = {1984}
}

@inproceedings{leroux2008explicit,
  title     = {Explicit consistency constraints for STFT spectrograms and their application to phase reconstruction},
  author    = {Le Roux, Jonathan and Ono, Nobutaka and Sagayama, Shigeki},
  booktitle = {SAPA@INTERSPEECH},
  year      = {2008}
}

@inproceedings{kumar2019melgan,
  title     = {MelGAN: Generative adversarial networks for conditional waveform synthesis},
  author    = {Kumar, Kundan and Kumar, Rithesh and de Boissiere, Thibault and Gestin, Louis and Teoh, Woon Zeng and Sotelo, Jose and de Br{\'e}bisson, Alexis and Bengio, Yoshua and Courville, Aaron C},
  booktitle = {Advances in Neural Information Processing Systems},
  pages     = {14881--14892},
  year      = {2019}
}

@article{martinezramirez2021deep,
  title   = {A Deep Learning Approach to Intelligent Drum Mixing With the Wave-U-Net},
  author  = {Mart{\'i}nez-Ram{\'i}rez, Miguel Angel and Stoller, Daniel and Moffat, David},
  journal = {Journal of Audio Engineering Society},
  volume  = {69},
  number  = {3},
  pages   = {142--151},
  year    = {2021}
}

@inproceedings{steinmetz2021automatic,
  title        = {Automatic multitrack mixing with a differentiable mixing console of neural audio effects},
  author       = {Steinmetz, Christian J and Pons, Jordi and Pascual, Santiago and Serra, Joan},
  booktitle    = {ICASSP 2021-2021 IEEE International Conference on Acoustics, Speech and Signal Processing (ICASSP)},
  organization = {IEEE},
  year         = {2021}
}

@article{martinezramirez2020deep,
  title   = {Deep learning for black-box modeling of audio effects},
  author  = {Mart{\'i}nez-Ram{\'i}rez, Miguel A and Benetos, Emmanouil and Reiss, Joshua D},
  journal = {Applied Sciences},
  volume  = {10},
  number  = {2},
  pages   = {638},
  year    = {2020}
}

@article{koszewski2023automatic,
  title   = {Automatic music signal mixing system based on one-dimensional Wave-U-Net autoencoders},
  author  = {Koszewski, Dawid and G{\"o}rne, Tim and Korvel, Grzegorz and Kostek, Bozena},
  journal = {EURASIP Journal on Audio, Speech, and Music Processing},
  volume  = {2023},
  number  = {1},
  pages   = {1--17},
  year    = {2023}
}

@inproceedings{vickers2009fixing,
  title     = {Fixing the phantom center: Diffusing acoustical crosstalk},
  author    = {Vickers, Edward},
  booktitle = {Audio Engineering Society Convention 127},
  year      = {2009}
}

@inproceedings{king2011effects,
  title     = {The effects of monitoring systems on balance preference: A comparative study of mixing on headphones versus loudspeakers},
  author    = {King, Robert and Leonard, Bob and Sikora, Greg},
  booktitle = {Audio Engineering Society Convention 131},
  year      = {2011}
}

@book{deman2019intelligent,
  title     = {Intelligent Music Production},
  author    = {De Man, Brecht and Stables, Ryan and Reiss, Joshua D},
  year      = {2019},
  publisher = {Routledge}
}

@book{reiss2014audio,
  title     = {Audio effects: Theory, implementation and application},
  author    = {Reiss, Joshua D and McPherson, Andrew},
  year      = {2014},
  publisher = {CRC Press}
}

@article{giannoulis2012digital,
  title   = {Digital Dynamic Range Compressor Design},
  author  = {Giannoulis, Dimitrios and Massberg, Michael and Reiss, Joshua D},
  journal = {Journal of the Audio Engineering Society},
  volume  = {60},
  number  = {6},
  pages   = {399--408},
  year    = {2012}
}

@book{case2011mix,
  title     = {Mix smart: Pro audio tips for your multitrack mix},
  author    = {Case, Alex},
  year      = {2011},
  publisher = {Focal Press}
}

@article{schroeder1961colorless,
  title   = {"Colorless" artificial reverberation},
  author  = {Schroeder, Manfred R and Logan, Barry F},
  journal = {IRE Transactions on Audio},
  number  = {6},
  pages   = {209--214},
  year    = {1961}
}

@article{moorer1979about,
  title   = {About this reverberation business},
  author  = {Moorer, James A},
  journal = {Computer music journal},
  pages   = {13--28},
  year    = {1979}
}

@article{braun2021dawdreamer,
  title   = {Dawdreamer: Bridging the gap between digital audio workstations and python interfaces},
  author  = {Braun, Dominik},
  journal = {arXiv preprint arXiv:2111.09931},
  year    = {2021}
}

@inproceedings{albouy2017faust,
  title        = {Faust audio DSP language for JUCE},
  author       = {Albouy, Adrien and Letz, St{\'e}phane},
  booktitle    = {Linux Audio Conference},
  organization = {CIEREC},
  year         = {2017}
}

@inproceedings{de2017ten,
  title     = {Ten years of automatic mixing},
  author    = {De Man, Brecht and Reiss, Joshua D and Stables, Ryan},
  booktitle = {Proceedings of the 3rd Workshop on Intelligent Music Production},
  month     = {September},
  year      = {2017}
}

@article{sun2020embodied,
  title   = {Embodied self-supervised learning by coordinated sampling and training},
  author  = {Sun, Yuxiang and Wu, Xiao},
  journal = {arXiv preprint arXiv:2006.13350},
  year    = {2020}
}

@article{ronneberger2012u,
  title   = {U-Net: Convolutional Networks for Biomedical Image Segmentation},
  author  = {Ronneberger, Olaf and Fischer, Philipp and Brox, Thomas},
  journal = {arXiv preprint arXiv:1505.04597},
  year    = {2012}
}

@article{gulati2020conformer,
  title   = {Conformer: Convolution-augmented Transformer for Speech Recognition},
  author  = {Gulati, Anmol and Qin, Jianpeng and Chiu, Chung-Cheng and Parmar, Niki and Zhang, Yu and Yu, Jiahui and Han, Wei and Wang, Shibo and Zhang, Zhengdong and Wu, Yonghui and Pang, Rui},
  journal = {arXiv preprint arXiv:2005.08100},
  year    = {2020}
}

@inproceedings{ronan2017analysis,
  title        = {Analysis of the subgrouping practices of professional mix engineers},
  author       = {Ronan, Daniel M and Gunes, Hatice and Reiss, Joshua D},
  booktitle    = {Audio Engineering Society Convention 142},
  organization = {Audio Engineering Society},
  year         = {2017}
}

@inproceedings{gong2021ast,
  title     = {AST: Audio spectrogram transformer},
  author    = {Gong, Yeyi and Chung, Yueh-Hua and Glass, James R},
  booktitle = {Interspeech 2021},
  year      = {2021}
}

@inproceedings{gong2021ssast,
  title     = {SSAST: Self-supervised audio spectrogram transformer},
  author    = {Gong, Yeyi and Lai, Chien-I and Chung, Yueh-Hua and Glass, James R},
  booktitle = {AAAI},
  year      = {2021}
}

@inproceedings{bosch2012comparison,
  title     = {A Comparison of Sound Segregation Techniques for Predominant Instrument Recognition in Musical Audio Signals},
  author    = {Bosch, Juan J and Janer, Jordi and Fuhrmann, Florian and Herrera, Perfecto},
  booktitle = {Proc. ISMIR},
  pages     = {559--564},
  year      = {2012}
}

@inproceedings{rouard2023hybrid,
  title        = {Hybrid transformers for music source separation},
  author       = {Rouard, Simon and Massa, Francesco and D{\'e}fossez, Alexandre},
  booktitle    = {ICASSP 2023-2023 IEEE International Conference on Acoustics, Speech and Signal Processing (ICASSP)},
  organization = {IEEE},
  year         = {2023}
}

@inproceedings{martinezramirez2022automatic,
  title     = {Automatic music mixing with deep learning and out-of-domain data},
  author    = {Mart{\'i}nez-Ram{\'i}rez, Miguel A and Liao, Wen and Fabbro, Gabriel and Uhlich, Stefan and Nagashima, Chih-Wei and Mitsufuji, Yuki},
  booktitle = {23rd International Society for Music Information Retrieval Conference (ISMIR)},
  month     = {December},
  year      = {2022}
}

@article{barchiesi2010reverse,
  title   = {Reverse engineering of a mix},
  author  = {Barchiesi, Daniele and Reiss, Joshua},
  journal = {Journal of The Audio Engineering Society},
  volume  = {58},
  pages   = {563--576},
  year    = {2010}
}

@inproceedings{yasuraoka2010music,
  title     = {Music dereverberation using harmonic structure source model and Wiener filter},
  author    = {Yasuraoka, N. and Yoshioka, T. and Nakatani, T. and Nakamura, A. and Okuno, H. G.},
  booktitle = {2010 IEEE International Conference on Acoustics, Speech and Signal Processing},
  year      = {2010}
}

@inproceedings{mahkonen2013music,
  title     = {Music dereverberation by spectral linear prediction in live recordings},
  author    = {Mahkonen, Kalle and Eronen, Antti and Virtanen, Tuomas and Helander, Elina and Popa, Valentin and Curcio, Igor D D},
  booktitle = {Proceedings of International Conference on Digital Audio Effects},
  year      = {2013}
}

@article{maezawa2014non,
  title   = {Non parametric bayesian dereverberation of power spectrograms based on infinite-order autoregressive processes},
  author  = {Maezawa, Akira and Itoyama, Katsutoshi and Yoshii, Kazuyoshi and Okuno, Hiroshi G},
  journal = {IEEE/ACM Trans. Audio, Speech, Lang. Process.},
  volume  = {22},
  pages   = {1918--1930},
  year    = {2014}
}

@article{okamoto2012wide,
  title   = {Wide-band dereverberation method based on multichannel linear prediction using prewhitening filter},
  author  = {Okamoto, Tetsuro and Iwaya, Yasuo and Suzuki, Yosuke},
  journal = {Applied Acoustics},
  volume  = {73},
  number  = {1},
  pages   = {50--55},
  year    = {2012}
}

@article{tsilfidis2011blind,
  title   = {Blind single-channel dereverberation for music post-processing},
  author  = {Tsilfidis, Alexandros and Mourjopoulos, John},
  journal = {J. Audio Eng. Soc.},
  year    = {2011}
}

@inproceedings{kagami2018joint,
  title     = {Joint separation and dereverberation of reverberant mixtures with determined multichannel non-negative matrix factorization},
  author    = {Kagami, Hiroshi and Kameoka, Hirokazu and Yukawa, Masataka},
  booktitle = {2018 IEEE ICASSP},
  year      = {2018}
}

@article{su2020hifi,
  title   = {Hifi-gan: Highfidelity denoising and dereverberation based on speech deep features in adversarial networks},
  author  = {Su, Jia and Jin, Ziyu and Finkelstein, Adam},
  journal = {arXiv preprint arXiv:2010.05646},
  year    = {2020}
}

@inproceedings{koo2021reverb,
  title     = {Reverb conversion of mixed vocal tracks using an end-to-end convolutional deep neural network},
  author    = {Koo, Jaehun and Paik, Sungrack and Lee, Kyogu},
  booktitle = {Proc. IEEE Int. Conf. Acoust., Speech, Signal Process. (ICASSP)},
  year      = {2021}
}

@inproceedings{kandpal2022music,
  title     = {Music enhancement via image translation and vocoding},
  author    = {Kandpal, Nitish and Nieto, Oriol and Jin, Ziyu},
  booktitle = {Proc. IEEE Int. Conf. Acoust., Speech, Signal Process. (ICASSP)},
  year      = {2022}
}

@inproceedings{saito2023unsupervised,
  title     = {Unsupervised Vocal Dereverberation with Diffusion-Based Generative Models},
  author    = {Saito, Keisuke and Murata, Naoya and Uesaka, Takashi and Lai, Chien-I and Takida, Yuta and Fukui, Tsubasa and Mitsufuji, Yuki},
  booktitle = {ICASSP 2023 - 2023 IEEE International Conference on Acoustics, Speech and Signal Processing (ICASSP)},
  year      = {2023}
}

@article{chen2016deeplab,
  title   = {DeepLab: Semantic Image Segmentation with Deep Convolutional Nets, Atrous Convolution, and Fully Connected CRFs},
  author  = {Chen, Liang-Chieh and Papandreou, George and Kokkinos, Iasonas and Murphy, Kevin P and Yuille, Alan L},
  journal = {IEEE Transactions on Pattern Analysis and Machine Intelligence},
  volume  = {40},
  pages   = {834--848},
  year    = {2018}
}

@book{goodfellow2016deep,
  title     = {Deep Learning},
  author    = {Goodfellow, Ian and Bengio, Yoshua and Courville, Aaron},
  year      = {2016},
  publisher = {MIT Press}
}

@inproceedings{lostanlen2018medley,
  title     = {Medley-solos-DB: a cross-collection dataset for musical instrument recognition},
  author    = {Lostanlen, Vincent and Cella, Cyril-Etienne and Bittner, Rachel and Essid, Slim},
  booktitle = {International Society of Music Information Retrieval (ISMIR)},
  year      = {2018}
}

@inproceedings{reddy2021interspeech,
  title     = {Interspeech 2021 deep noise suppression challenge},
  author    = {Reddy, Chandan and Dubey, Himanshu and Koishida, Kazuhiko and Nair, Aravind and Gopal, Venkatesh and Cutler, Ross and Braun, Sebastian and Gamper, Hannes and Aichner, Rainer},
  booktitle = {Interspeech 2021},
  year      = {2021}
}

@inproceedings{kilgour2019frechet,
  title     = {Fr{\'e}chet Audio Distance: A Reference-Free Metric for Evaluating Music Enhancement Algorithms},
  author    = {Kilgour, Kyle and Zuluaga, Marcelo and Roblek, Daniel and Sharifi, Mehrdad},
  booktitle = {Interspeech 2019},
  year      = {2019}
}

@inproceedings{yamamoto2019parallel,
  title  = {Parallel WaveGAN: A fast waveform generation model based on generative adversarial networks with multi-resolution spectrogram},
  author = {Yamamoto, Ryuichi and Song, Eunwoo and Kim, Jaesung},
  year   = {2019}
}

@inproceedings{gorlow2013reverse,
  title     = {Reverse engineering stereo music recordings pursuing an informed two-stage approach},
  author    = {Gorlow, Sebastian and Marchand, Sylvain},
  booktitle = {International Conference on Digital Audio Effects},
  pages     = {1--8},
  year      = {2013}
}

@article{gorlow2013model,
  title   = {Model-based inversion of dynamic range compression},
  author  = {Gorlow, Sebastian and Reiss, Joshua D},
  journal = {IEEE Transactions on Audio, Speech, and Language Processing},
  volume  = {21},
  number  = {7},
  pages   = {1434--1444},
  year    = {2013}
}

@inproceedings{martinezramirez2018end,
  title     = {End-to-end equalization with convolutional neural networks},
  author    = {Mart{\'i}nez-Ram{\'i}rez, Miguel A and Reiss, Joshua D},
  booktitle = {21st International Conference on Digital Audio Effects},
  year      = {2018}
}

@inproceedings{hawley2019profiling,
  title     = {Profiling audio compressors with deep neural networks},
  author    = {Hawley, Scott and Colburn, Benjamin and Mimilakis, Stylianos I},
  booktitle = {Audio Engineering Society Convention 147},
  year      = {2019}
}

@article{steinmetz2021efficient,
  title   = {Efficient neural networks for real-time analog audio effect modeling},
  author  = {Steinmetz, Christian J and Reiss, Joshua D},
  journal = {arXiv preprint arXiv:2102.06200},
  year    = {2021}
}

@inproceedings{martinezramirez2019modeling,
  title     = {Modeling nonlinear audio effects with end-to-end deep neural networks},
  author    = {Mart{\'i}nez-Ram{\'i}rez, Miguel A and Reiss, Joshua D},
  booktitle = {ICASSP 2019-2019 IEEE International Conference on Acoustics, Speech and Signal Processing},
  pages     = {171--175},
  year      = {2019}
}

@article{colonel2021reverse,
  title   = {Reverse engineering of a recording mix with differentiable digital signal processing},
  author  = {Colonel, Joshua T and Reiss, Joshua D},
  journal = {The Journal of the Acoustical Society of America},
  volume  = {150},
  number  = {608},
  year    = {2021}
}

@inproceedings{sun2022unsupervised,
  title     = {Unsupervised Acoustic-to-Articulatory Inversion with Variable Vocal Tract Anatomy},
  author    = {Sun, Yuxiang and Huang, Qi and Wu, Xiao},
  booktitle = {Proc. INTERSPEECH 2022},
  pages     = {4656--4660},
  year      = {2022}
}

@article{williams1992simple,
  title   = {Simple statistical gradient-following algorithms for connectionist reinforcement learning},
  author  = {Williams, Ronald J},
  journal = {Machine Learning},
  volume  = {8},
  number  = {3-4},
  pages   = {229--256},
  year    = {1992}
}

@article{konda1999actor,
  title   = {Actor-critic algorithms},
  author  = {Konda, Vijay and Tsitsiklis, John},
  journal = {Advances in neural information processing systems},
  volume  = {12},
  year    = {1999}
}

@article{dempster1977maximum,
  title   = {Maximum likelihood from incomplete data via the EM algorithm},
  author  = {Dempster, Arthur and Laird, Nan and Rubin, Donald},
  journal = {Journal of the Royal Statistical Society, Series B},
  volume  = {39},
  number  = {1},
  pages   = {1--38},
  year    = {1977}
}

@inproceedings{vaswani2017attention,
  title     = {Attention is all you need},
  author    = {Vaswani, Ashish and Shazeer, Noam and Parmar, Niki and Uszkoreit, Jakob and Jones, Llion and Gomez, Aidan N and Kaiser, {\L}ukasz and Polosukhin, Illia},
  booktitle = {Advances in Neural Information Processing Systems (NeurIPS)},
  pages     = {6000--6010},
  year      = {2017}
}

@article{syed2019bidirectional,
  title   = {Bidirectional Long Short-Term Memory (BLSTM) neural networks for reconstruction of top-quark pair decay kinematics},
  author  = {Syed, Fazak and Di Sipio, Riccardo and Sinervo, Pekka},
  journal = {arXiv preprint arXiv:1909.01144},
  year    = {2019}
}

@inproceedings{steinmetz2021pyloudnorm,
  title        = {Pyloudnorm: A simple yet flexible loudness meter in Python},
  author       = {Steinmetz, Christian J and Reiss, Joshua},
  booktitle    = {Audio Engineering Society Convention 150},
  organization = {Audio Engineering Society},
  year         = {2021}
}

@book{moore2012introduction,
  title     = {An introduction to the psychology of hearing},
  author    = {Moore, Brian CJ},
  year      = {2012},
  publisher = {Brill}
}

@article{xie2020spatial,
  title   = {Spatial Sound‐History, Principle, Progress and Challenge},
  author  = {Xie, Bin},
  journal = {Chinese Journal of Electronics},
  volume  = {29},
  number  = {3},
  pages   = {397--416},
  year    = {2020}
}

@article{hirsh1971masking,
  title   = {Masking of speech and auditory localization},
  author  = {Hirsh, Ira J},
  journal = {Audiology},
  volume  = {10},
  pages   = {110--114},
  year    = {1971}
}

@article{mert,
  title   = {Mert: Acoustic music understanding model with large-scale self-supervised training},
  author  = {Li, Yizhi and Yuan, Ruibin and Zhang, Ge and Ma, Yinghao and Chen, Xingran and Yin, Hanzhi and Lin, Chenghua and Ragni, Anton and Benetos, Emmanouil and Gyenge, Norbert and others},
  journal = {arXiv preprint arXiv:2306.00107},
  year    = {2023}
}

@inproceedings{clap,
  title        = {Clap learning audio concepts from natural language supervision},
  author       = {Elizalde, Benjamin and Deshmukh, Soham and Al Ismail, Mahmoud and Wang, Huaming},
  booktitle    = {ICASSP 2023-2023 IEEE International Conference on Acoustics, Speech and Signal Processing (ICASSP)},
  pages        = {1--5},
  year         = {2023},
  organization = {IEEE}
}